<record><leader>00000cas a2200000 a 4500</leader><controlfield tag="001">7941060</controlfield><controlfield tag="008">811120c19uu9999njuwr ne      0   a0eng d</controlfield><datafield ind1=" " ind2=" " tag="010"><subfield code="a">sn 81003515 </subfield></datafield><datafield ind1=" " ind2=" " tag="040"><subfield code="a">NSD</subfield><subfield code="b">eng</subfield><subfield code="c">NSD</subfield><subfield code="d">OCL</subfield><subfield code="d">OCLCQ</subfield></datafield><datafield ind1=" " ind2=" " tag="012"><subfield code="l">1</subfield></datafield><datafield ind1="1" ind2=" " tag="022"><subfield code="a">0730-0115</subfield><subfield code="l">0730-0115</subfield><subfield code="2">1</subfield></datafield><datafield ind1=" " ind2=" " tag="037"><subfield code="b">East Side/West Side Communications Corp., 1751 Second Ave., Suite 202, New York, NY, 10028</subfield></datafield><datafield ind1=" " ind2=" " tag="042"><subfield code="a">nsdp</subfield></datafield><datafield ind1=" " ind2="0" tag="222"><subfield code="a">New York's our town</subfield></datafield><datafield ind1="0" ind2="0" tag="245"><subfield code="a">New York's our town.</subfield></datafield><datafield ind1="1" ind2="7" tag="246"><subfield code="a">Our town</subfield></datafield><datafield ind1=" " ind2=" " tag="260"><subfield code="a">New York :</subfield><subfield code="b">East Side/West Side Communications Corp.</subfield></datafield><datafield ind1=" " ind2=" " tag="310"><subfield code="a">Weekly</subfield></datafield><datafield ind1=" " ind2=" " tag="588"><subfield code="a">Description based on: Vol. 12, no. 7 (June 21, 1981 thru June 27, 1981); title from caption.</subfield></datafield><datafield ind1=" " ind2=" " tag="936"><subfield code="a">June 21-27, 1981</subfield></datafield></record>